@ONLINE{pgis,
    author	 = {postgis},
    title    = {Stable Branch User Documentation},
	url = {https://postgis.net/documentation/},
    urldate	 = {2018-06-09},
}
@ONLINE{wgs,
    author	 = {giswiki},
    title    = {WGS84},
	url = {http://giswiki.org/wiki/WGS84},
    urldate	 = {2018-06-09},
}
@ONLINE{geome,
    author	 = {revenant},
    title    = {Section 5: Geometries},
	url = {http://revenant.ca/www/postgis/workshop/geometries.html#points},
    urldate	 = {2018-06-09},
}
@ONLINE{rahmen,
    author	 = {Prof. Dr.-Ing. Thomas Schwotzer},
    title    = {Extraktion gro√üer Geometrien},
	url = {http://www.sharksystem.net/htw/FP_ICW_BA_MA/ExtraktionGeometrien.pdf},
    urldate	 = {2018-06-09},
}
@ONLINE{jdbc,
    author	 = {PostgreSQL},
    title    = {Documentation},
	url = {https://jdbc.postgresql.org/documentation/documentation.html},
    urldate	 = {2018-06-15},
}


